@article{Giudice:2008bi,
  author       = {Giudice, G. F.},
  eprint       = {0801.2562},
  eprintclass  = {hep-ph},
  eprinttype   = {arXiv},
  slaccitation = {%%CITATION = ARXIV:0801.2562;%%},
  title        = {{Naturally Speaking: The Naturalness Criterion and Physics at the LHC}},
  year         = {2008},
}

@article{Calorimetry,
  author       = {Fabjan, C. W. and Gianotti, F.},
  doi          = {10.1103/RevModPhys.75.1243},
  journaltitle = {Rev. Mod. Phys.},
  pages        = {1243-1286},
  reportnumber = {CERN-EP-2003-075},
  slaccitation = {%%CITATION = RMPHA,75,1243;%%},
  title        = {{Calorimetry for particle physics}},
  volume       = {75},
  year         = {2003},
}

@article{PDG,
  author        = {Olive, K. A. and others},
  collaboration = {Particle Data Group},
  doi           = {10.1088/1674-1137/38/9/090001},
  journaltitle  = {Chin. Phys.},
  pages         = {090001},
  slaccitation  = {%%CITATION = CHPHD,C38,090001;%%},
  title         = {{Review of Particle Physics}},
  volume        = {C38},
  year          = {2014},
}

@report{ATL-EL-IDENT,
  author       = {The ATLAS Collaboration},
  institution  = {CERN},
  location     = {Geneva},
  month        = {Sep},
  number       = {ATL-PHYS-PUB-2015-041},
  reportnumber = {ATL-PHYS-PUB-2015-041},
  title        = {{Electron identification measurements in ATLAS using $\sqrt{s}$ = 13 TeV data with 50 ns bunch spacing}},
  type         = {techreport},
  url          = {https://cds.cern.ch/record/2048202},
  year         = {2015},
}

@article{ATLASPaper,
  author       = {The ATLAS Collaboration},
  journaltitle = {Journal of Instrumentation},
  number       = {08},
  pages        = {S08003},
  title        = {The ATLAS Experiment at the CERN Large Hadron Collider},
  url          = {"http://stacks.iop.org/1748-0221/3/i=08/a=S08003"},
  volume       = {3},
  year         = {2008},
}

@article{1748-0221-3-08-S08004,
  author       = {The CMS Collaboration},
  journaltitle = {Journal of Instrumentation},
  number       = {08},
  pages        = {S08004},
  title        = {The CMS experiment at the CERN LHC},
  url          = {http://stacks.iop.org/1748-0221/3/i=08/a=S08004},
  volume       = {3},
  year         = {2008},
}

@article{LHC,
  author       = {Evans, L. and Bryant, P.},
  journaltitle = {J. Instrum.},
  note         = {This report is an abridged version of the LHC Design Report (CERN-2004-003)},
  pages        = {S08001. 164 p},
  title        = {{LHC Machine}},
  url          = {https://cds.cern.ch/record/1129806},
  volume       = {3},
  year         = {2008},
}

@article{PV,
  author       = {G. Piacquadio and K. Prokofiev and A. Wildauer},
  journaltitle = {Journal of Physics: Conference Series},
  number       = {3},
  pages        = {032033},
  title        = {Primary vertex reconstruction in the ATLAS experiment at LHC},
  url          = {http://stacks.iop.org/1742-6596/119/i=3/a=032033},
  volume       = {119},
  year         = {2008},
}

@thesis{Alison:1536507,
  author       = {Alison, J. and Kroll, I. J.},
  institution  = {Pennsylvania U.},
  location     = {Pennsylvania U.},
  month        = {Dec},
  note         = {Presented 08 Nov 2012},
  reportnumber = {CERN-THESIS-2012-295},
  title        = {{The Road to Discovery: Detector Alignment, Electron Identification, Particle Misidentification, WW Physics, and the Discovery of the Higgs Boson}},
  type         = {phdthesis},
  url          = {https://cds.cern.ch/record/1536507},
  year         = {2012},
}

@article{trigger,
  author        = {Mart√≠nez, A. Ruiz},
  booktitle     = {{Proceedings, 17th International Workshop on Advanced Computing and Analysis Techniques in Physics Research (ACAT 2016): Valparaiso, Chile, January 18-22, 2016}},
  collaboration = {ATLAS},
  doi           = {10.1088/1742-6596/762/1/012003},
  journaltitle  = {J. Phys. Conf. Ser.},
  number        = {1},
  pages         = {012003},
  reportnumber  = {ATL-DAQ-PROC-2016-003},
  slaccitation  = {%%CITATION = 00462,762,012003;%%},
  title         = {{The Run-2 ATLAS Trigger System}},
  volume        = {762},
  year          = {2016},
}

@article{IBL,
  author        = {Capeans, M. and Darbo, G. and Einsweiller, K. and Elsing, M. and Flick, T. and Garcia-Sciveres, M. and Gemme, C. and Pernegger, H. and Rohne, O. and Vuillermet, R.},
  collaboration = {ATLAS},
  reportnumber  = {CERN-LHCC-2010-013, ATLAS-TDR-19},
  slaccitation  = {%%CITATION = CERN-LHCC-2010-013;%%},
  title         = {{ATLAS Insertable B-Layer Technical Design Report}},
  year          = {2010},
}

@report{MET,
  author       = {The ATLAS Collaboration},
  institution  = {CERN},
  location     = {Geneva},
  month        = {Jul},
  number       = {ATL-PHYS-PUB-2015-023},
  reportnumber = {ATL-PHYS-PUB-2015-023},
  title        = {{Expected performance of missing transverse momentum reconstruction for the ATLAS detector at $\sqrt{s}= 13~\text{TeV}$}},
  type         = {techreport},
  url          = {https://cds.cern.ch/record/2037700},
  year         = {2015},
}

@report{MUONS,
  author       = {The ATLAS Collaboration},
  institution  = {CERN},
  location     = {Geneva},
  month        = {Aug},
  number       = {ATL-PHYS-PUB-2015-037},
  reportnumber = {ATL-PHYS-PUB-2015-037},
  title        = {{Muon reconstruction performance in early $\sqrt{s}$ = 13~TeV data}},
  type         = {techreport},
  url          = {https://cds.cern.ch/record/2047831},
  year         = {2015},
}

@book{thooft:gauge,
  author    = {G. 't Hooft},
  publisher = {{Plenum Press}},
  title     = {{Recent Developments in Gauge Theories}},
  year      = {1979},
}

@book{martin:particle,
  author    = {F. Halzen and A. D. Martin},
  publisher = {{John Wiley \& Sons INC}},
  title     = {{Quark and Leptons: An introductory Course in Moderm Particle Physics}},
  year      = {1984},
}

@book{TileCal,
  collaboration = {The ATLAS Collaboration},
  location      = {Geneva},
  publisher     = {CERN},
  series        = {Technical Design Report ATLAS},
  title         = {{ATLAS tile calorimeter: Technical Design Report}},
  url           = {https://cds.cern.ch/record/331062},
  year          = {1996},
}

@report{OptimalFilter,
  author       = {Peralva, B. S. M. and Filho, L. M. A. and Cerqueira, A. S. and Seixas, J. M.},
  institution  = {CERN},
  location     = {Geneva},
  month        = {Nov},
  number       = {ATL-TILECAL-PROC-2013-023},
  reportnumber = {ATL-TILECAL-PROC-2013-023},
  title        = {{The TileCal Energy Reconstruction for Collision Data Using the Matched Filter}},
  type         = {techreport},
  url          = {http://cds.cern.ch/record/1629575},
  year         = {2013},
}

@report{JetCluster,
  author       = {Lampl, W. and Laplace, S. and Lelas, D. and Loch, P. and Ma, H. and Menke, S. and Rajagopalan, S. and Rousseau, D. and Snyder, S. and Unal, G.},
  institution  = {CERN},
  location     = {Geneva},
  month        = {Apr},
  number       = {ATL-LARG-PUB-2008-002. ATL-COM-LARG-2008-003},
  reportnumber = {ATL-LARG-PUB-2008-002},
  title        = {{Calorimeter Clustering Algorithms: Description and Performance}},
  type         = {techreport},
  url          = {https://cds.cern.ch/record/1099735},
  year         = {2008},
}

@article{TileReadiness,
  author        = {The ATLAS Collaboration},
  collaboration = {ATLAS},
  doi           = {10.1140/epjc/s10052-010-1508-y},
  eprint        = {1007.5423},
  eprintclass   = {physics.ins-det},
  eprinttype    = {arXiv},
  journaltitle  = {Eur. Phys. J.},
  pages         = {1193-1236},
  reportnumber  = {CERN-PH-EP-2010-024},
  slaccitation  = {%%CITATION = ARXIV:1007.5423;%%},
  title         = {{Readiness of the ATLAS Tile Calorimeter for LHC collisions}},
  volume        = {C70},
  year          = {2010},
}

@article{JVF,
  author        = {The ATLAS collaboration},
  collaboration = {ATLAS},
  reportnumber  = {ATLAS-CONF-2013-083},
  slaccitation  = {%%CITATION =ATLAS-CONF-2013-083;%%},
  title         = {{Pile-up subtraction and suppression for jets in ATLAS}},
  year          = {2013},
}

@article{JVT,
  author        = {The ATLAS collaboration},
  collaboration = {ATLAS},
  reportnumber  = {ATLAS-CONF-2014-018},
  slaccitation  = {%%CITATION =ATLAS-CONF-2014-018;%%},
  title         = {{Tagging and suppression of pileup jets}},
  year          = {2014},
}

@article{PileUpPerformance,
  author       = {Testa, M.},
  month        = {Jun},
  reportnumber = {ATL-PHYS-SLIDE-2015-328},
  title        = {{Performance of pile-up mitigation techniques for jets in pp collisions with the ATLAS detector}},
  url          = {https://cds.cern.ch/record/2022887},
  year         = {2015},
}

@article{Antikt,
  author       = {Cacciari, M. and Salam, G. P. and Soyez, G.},
  doi          = {10.1088/1126-6708/2008/04/063},
  eprint       = {0802.1189},
  eprintclass  = {hep-ph},
  eprinttype   = {arXiv},
  journaltitle = {JHEP},
  pages        = {063},
  reportnumber = {LPTHE-07-03},
  slaccitation = {%%CITATION = ARXIV:0802.1189;%%},
  title        = {{The Anti-k(t) jet clustering algorithm}},
  volume       = {04},
  year         = {2008},
}

@article{JetEff,
  author       = {The ATLAS collaboration},
  reportnumber = {ATLAS-CONF-2015-029},
  slaccitation = {%%CITATION =ATLAS-CONF-2015-029;%%},
  title        = {{Selection of jets produced in 13TeV proton-proton collisions with the ATLAS detector}},
  year         = {2015},
}

@article{JetMass,
  author       = {The ATLAS collaboration},
  reportnumber = {ATLAS-CONF-2016-008},
  slaccitation = {%%CITATION =ATLAS-CONF-2016-008;%%},
  title        = {{Measurement of the jet mass scale and resolution uncertainty for large radius jets at $\sqrt{s}=8$ TeV using the ATLAS detector}},
  year         = {2016},
}

@article{JetCalib,
  author        = {The ATLAS Collaboration},
  collaboration = {ATLAS},
  reportnumber  = {ATLAS-CONF-2011-032},
  slaccitation  = {%%CITATION = ATLAS-CONF-2011-032;%%},
  title         = {{Jet energy scale and its systematic uncertainty in proton-proton collisions at sqrt(s)=7 TeV in ATLAS 2010 data}},
  year          = {2011},
}

@article{JetSmearing,
  author        = {The ATLAS Collaboration},
  collaboration = {ATLAS Collaboration},
  doi           = {10.1103/PhysRevD.87.012008},
  issue         = {1},
  journaltitle  = {Phys. Rev. D},
  month         = {Jan},
  numpages      = {34},
  pages         = {012008},
  publisher     = {American Physical Society},
  title         = {Search for squarks and gluinos with the ATLAS detector in final states with jets and missing transverse momentum using $4.7\text{ }\text{ }{\mathrm{fb}}^{\mathbf{-}1}$ of $\sqrt{s}\mathbf{=}7\text{ }\text{ }\mathrm{TeV}$ proton-proton collision data},
  url           = {http://link.aps.org/doi/10.1103/PhysRevD.87.012008},
  volume        = {87},
  year          = {2013},
}

@article{BeamInducedBackground,
  author       = {The ATLAS Collaboration},
  journaltitle = {Journal of Instrumentation},
  number       = {07},
  pages        = {P07004},
  title        = {Characterisation and mitigation of beam-induced backgrounds observed in the ATLAS detector during the 2011 proton-proton run},
  url          = {http://stacks.iop.org/1748-0221/8/i=07/a=P07004},
  volume       = {8},
  year         = {2013},
}

@article{StatProcedure,
  author       = {Cowan, G. and Cranmer, K. and Gross, E. and Vitells, O.},
  doi          = {10.1140/epjc/s10052-011-1554-0, 10.1140/epjc/s10052-013-2501-z},
  eprint       = {1007.1727},
  eprintclass  = {physics.data-an},
  eprinttype   = {arXiv},
  journaltitle = {Eur. Phys. J.},
  note         = {[Erratum: Eur. Phys. J.C73,2501(2013)]},
  pages        = {1554},
  slaccitation = {%%CITATION = ARXIV:1007.1727;%%},
  title        = {{Asymptotic formulae for likelihood-based tests of new physics}},
  volume       = {C71},
  year         = {2011},
}

@thesis{PawelThesis,
  author       = {Klimek, P. J. and Cl√©ment, C. and √Ösman, B.},
  institution  = {Stockholm U.},
  month        = {Aug},
  note         = {Presented 08 Oct 2015},
  reportnumber = {CERN-THESIS-2015-168},
  title        = {{Search for Charginos and Sleptons in ATLAS and Identification of Pile-up with the Tile Calorimeter}},
  type         = {phdthesis},
  url          = {https://cds.cern.ch/record/2062001},
  year         = {2015},
}

@inproceedings{CLsMethod,
  author       = {Read, A. L.},
  booktitle    = {{Workshop on confidence limits, CERN, Geneva, Switzerland, 17-18 Jan 2000: Proceedings}},
  pages        = {81-101},
  reportnumber = {CERN-OPEN-2000-205},
  slaccitation = {%%CITATION = CERN-OPEN-2000-205;%%},
  title        = {{Modified frequentist analysis of search results (The CL(s) method)}},
  url          = {http://weblib.cern.ch/abstract?CERN-OPEN-2000-205},
  year         = {2000},
}

@article{RunIPaper,
  author       = {The ATLAS Collaboration},
  doi          = {10.1016/j.physletb.2011.10.006},
  issn         = {0370-2693},
  journaltitle = {Physics Letters B},
  number       = {4},
  pages        = {294 - 312},
  title        = {Search for new phenomena with the monojet and missing transverse momentum signature using the ATLAS detector in proton‚Äìproton collisions},
  url          = {http://www.sciencedirect.com/science/article/pii/S037026931101238X},
  volume       = {705},
  year         = {2011},
}

@article{EWCorrections,
  author       = {Kuhn, J. H. and Kulesza, A. and Pozzorini, S. and Schulze, M.},
  doi          = {10.1016/j.nuclphysb.2007.12.029},
  eprint       = {0708.0476},
  eprintclass  = {hep-ph},
  eprinttype   = {arXiv},
  journaltitle = {Nucl. Phys.},
  pages        = {27-77},
  reportnumber = {TTP07-19, SFB-CPP-07-43, MPP-2007-102, DESY-07-112},
  slaccitation = {%%CITATION = ARXIV:0708.0476;%%},
  title        = {{Electroweak corrections to hadronic production of W bosons at large transverse momenta}},
  volume       = {B797},
  year         = {2008},
}

@article{DMEvidence,
  author        = {The Planck Collaboration},
  collaboration = {Planck},
  doi           = {10.1051/0004-6361/201321529},
  eprint        = {1303.5062},
  eprintclass   = {astro-ph.CO},
  eprinttype    = {arXiv},
  journaltitle  = {Astron. Astrophys.},
  pages         = {A1},
  reportnumber  = {CERN-PH-TH-2013-115},
  slaccitation  = {%%CITATION = ARXIV:1303.5062;%%},
  title         = {{Planck 2013 results. I. Overview of products and scientific results}},
  volume        = {571},
  year          = {2014},
}

@inproceedings{WIMPIntro,
  author       = {Saab, T.},
  booktitle    = {{The Dark Secrets of the Terascale}},
  doi          = {10.1142/9789814390163_0011},
  eprint       = {1203.2566},
  eprintclass  = {physics.ins-det},
  eprinttype   = {arXiv},
  pages        = {711-738},
  slaccitation = {%%CITATION = ARXIV:1203.2566;%%},
  title        = {{An Introduction to Dark Matter Direct Detection Searches \& Techniques}},
  url          = {https://inspirehep.net/record/1093524/files/arXiv:1203.2566.pdf},
  year         = {2013},
}

@article{SUSYIntro,
  author       = {Martin, S. P.},
  doi          = {10.1142/9789812839657_0001, 10.1142/9789814307505_0001},
  eprint       = {hep-ph/9709356},
  eprintclass  = {hep-ph},
  eprinttype   = {arXiv},
  note         = {[Adv. Ser. Direct. High Energy Phys.18,1(1998)]},
  reportnumber = {FERMILAB-PUB-97-425-T},
  slaccitation = {%%CITATION = HEP-PH/9709356;%%},
  title        = {{A Supersymmetry primer}},
  year         = {1997},
}

@article{MSSMIntro,
  author       = {Aitchison, I. J. R.},
  eprint       = {hep-ph/0505105},
  eprintclass  = {hep-ph},
  eprinttype   = {arXiv},
  slaccitation = {%%CITATION = HEP-PH/0505105;%%},
  title        = {{Supersymmetry and the MSSM: An Elementary introduction}},
  year         = {2005},
}

@article{WIMPS,
  author       = {Ellis, J.},
  journaltitle = {Journal of Physics: Conference Series},
  number       = {1},
  pages        = {8},
  title        = {From Little Bangs to the Big Bang},
  url          = {http://stacks.iop.org/1742-6596/50/i=1/a=002},
  volume       = {50},
  year         = {2006},
}

@article{RotationCurves,
  author       = {Corbelli, E. and Salucci, P.},
  doi          = {10.1046/j.1365-8711.2000.03075.x},
  eprint       = {astro-ph/9909252},
  eprintclass  = {astro-ph},
  eprinttype   = {arXiv},
  journaltitle = {Mon. Not. Roy. Astron. Soc.},
  pages        = {441-447},
  slaccitation = {%%CITATION = ASTRO-PH/9909252;%%},
  title        = {{The Extended Rotation Curve and the Dark Matter Halo of M33}},
  volume       = {311},
  year         = {2000},
}

@article{ALICE,
  author       = {The ALICE Collaboration},
  journaltitle = {Journal of Instrumentation},
  number       = {08},
  pages        = {S08002},
  title        = {The ALICE experiment at the CERN LHC},
  url          = {http://stacks.iop.org/1748-0221/3/i=08/a=S08002},
  volume       = {3},
  year         = {2008},
}

@article{LHCb,
  author       = {The LHCb Collaboration},
  journaltitle = {Journal of Instrumentation},
  number       = {08},
  pages        = {S08005},
  title        = {The LHCb Detector at the LHC},
  url          = {http://stacks.iop.org/1748-0221/3/i=08/a=S08005},
  volume       = {3},
  year         = {2008},
}

@article{LHCf,
  author       = {The LHCf Collaboration},
  journaltitle = {Journal of Instrumentation},
  number       = {08},
  pages        = {S08006},
  title        = {The LHCf detector at the CERN Large Hadron Collider},
  url          = {http://stacks.iop.org/1748-0221/3/i=08/a=S08006},
  volume       = {3},
  year         = {2008},
}

@article{TOTEM,
  author       = {The TOTEM Collaboration},
  journaltitle = {Journal of Instrumentation},
  number       = {08},
  pages        = {S08007},
  title        = {The TOTEM Experiment at the CERN Large Hadron Collider},
  url          = {http://stacks.iop.org/1748-0221/3/i=08/a=S08007},
  volume       = {3},
  year         = {2008},
}

@article{ForwardDetectors,
  author       = {Fabbri, L.},
  month        = {Apr},
  note         = {DIS09. Start date 26/04/2009},
  reportnumber = {ATL-LUM-SLIDE-2009-071},
  title        = {{Forward Detectors in ATLAS: ALFA, ZDC and LUCID}},
  url          = {https://cds.cern.ch/record/1172844},
  year         = {2009},
}

@online{TileCalPub,
  title = {TileCal Approved Plots},
  url   = {"https://twiki.cern.ch/twiki/bin/view/AtlasPublic/ApprovedPlotsTile"},
}

@online{TileCalNoisePub,
  title = {TileCal Approved Plots},
  url   = {"https://twiki.cern.ch/twiki/bin/view/AtlasPublic/ApprovedPlotsTileNoise"},
}

@article{MyTileCalPlots,
  author        = {Bertoli, G.},
  collaboration = {ATLAS Collaboration},
  month         = {Feb},
  reportnumber  = {ATLAS-PLOT-TILECAL-2014-001},
  title         = {{TileCal Electronic Noise in 2011 With ATLAS RUN I Reprocessing}},
  url           = {https://cds.cern.ch/record/1646961},
  year          = {2014},
}

@online{SUSYPub,
  title = {SUSY Approved Plots},
  url   = {"http://atlas.web.cern.ch/Atlas/GROUPS/PHYSICS/PAPERS/SUSY-2015-06/"},
}

@online{ExotPub,
  title = {Monojet Approved Plots},
  url   = {"https://atlas.web.cern.ch/Atlas/GROUPS/PHYSICS/PAPERS/EXOT-2015-03/"},
}

@article{MonoJetPaper,
  author        = {The ATLAS Collaboration},
  collaboration = {ATLAS},
  doi           = {10.1103/PhysRevD.94.032005},
  eprint        = {1604.07773},
  eprintclass   = {hep-ex},
  eprinttype    = {arXiv},
  journaltitle  = {Phys. Rev.},
  number        = {3},
  pages         = {032005},
  reportnumber  = {CERN-EP-2016-075},
  slaccitation  = {%%CITATION = ARXIV:1604.07773;%%},
  title         = {{Search for new phenomena in final stages with an energetic jet and large missing transverse momentum in $pp$ collisions at $\sqrt{s} = 13$ TeV using the ATLAS detector}},
  volume        = {D94},
  year          = {2016},
}

@unpublished{LHCFAQ,
  author       = {Lefevre, C.},
  month        = {Feb},
  reportnumber = {CERN-Brochure-2009-003-Eng},
  title        = {{LHC: the guide (English version). Guide du LHC (version anglaise)}},
  url          = {https://cds.cern.ch/record/1165534},
  year         = {2009},
}

@article{ATLASCrossSection,
  author       = {Carquin, E.},
  month        = {May},
  reportnumber = {ATL-PHYS-SLIDE-2013-249},
  title        = {{Forward Physics with ATLAS}},
  url          = {https://cds.cern.ch/record/1547762},
  year         = {2013},
}

@article{TileModule,
  author        = {The ATLAS Collaboration},
  collaboration = {ATLAS},
  doi           = {10.1016/S0168-9002(01)01229-3},
  eprint        = {hep-ex/0104002},
  eprintclass   = {hep-ex},
  eprinttype    = {arXiv},
  journaltitle  = {Nucl. Instrum. Meth.},
  pages         = {508-523},
  slaccitation  = {%%CITATION = HEP-EX/0104002;%%},
  title         = {{Hadron energy reconstruction for the ATLAS calorimetry in the framework of the nonparametrical method}},
  volume        = {A480},
  year          = {2002},
}

@report{TileCalibChain,
  author       = {Solodkov, A.},
  institution  = {CERN},
  location     = {Geneva},
  month        = {Dec},
  number       = {ATL-TILECAL-PROC-2015-024},
  reportnumber = {ATL-TILECAL-PROC-2015-024},
  title        = {{Performance of the ATLAS Tile Calorimeter}},
  type         = {techreport},
  url          = {https://cds.cern.ch/record/2114824},
  year         = {2015},
}

@article{ADDPaper,
  author       = {Arkani-Hamed, N. and Dimopoulos, S. and Dvali, G. R.},
  doi          = {10.1016/S0370-2693(98)00466-3},
  eprint       = {hep-ph/9803315},
  eprintclass  = {hep-ph},
  eprinttype   = {arXiv},
  journaltitle = {Phys. Lett.},
  pages        = {263-272},
  reportnumber = {SLAC-PUB-7769, SU-ITP-98-13},
  slaccitation = {%%CITATION = HEP-PH/9803315;%%},
  title        = {{The Hierarchy problem and new dimensions at a millimeter}},
  volume       = {B429},
  year         = {1998},
}

@article{ADDPhenomenology,
  author       = {Giudice, G. F. and Rattazzi, R. and Wells, J. D.},
  doi          = {10.1016/S0550-3213(99)00044-9},
  eprint       = {hep-ph/9811291},
  eprintclass  = {hep-ph},
  eprinttype   = {arXiv},
  journaltitle = {Nucl. Phys.},
  pages        = {3-38},
  reportnumber = {CERN-TH-98-354},
  slaccitation = {%%CITATION = HEP-PH/9811291;%%},
  title        = {{Quantum gravity and extra dimensions at high-energy colliders}},
  volume       = {B544},
  year         = {1999},
}

@article{PythiaManual,
  author       = {Sjostrand, Torbjorn and Mrenna, Stephen and Skands, Peter Z.},
  doi          = {10.1088/1126-6708/2006/05/026},
  eprint       = {hep-ph/0603175},
  eprintclass  = {hep-ph},
  eprinttype   = {arXiv},
  journaltitle = {JHEP},
  pages        = {026},
  reportnumber = {FERMILAB-PUB-06-052-CD-T, LU-TP-06-13},
  slaccitation = {%%CITATION = HEP-PH/0603175;%%},
  title        = {{PYTHIA 6.4 Physics and Manual}},
  volume       = {05},
  year         = {2006},
}

@article{PDF4LHC,
  author       = {Butterworth, J. and Carrazza, S. and Cooper-Sarkar, A. and De Roeck, A. and Feltesse, J and Forte, S. and Gao, J. and Glazov, S. and Huston, J. and Kassabov, Z. and McNulty, R. and Morsch, A. and Nadolsky, P. and Radescu, V and Rojo, J. and Thorne, R.},
  journaltitle = {Journal of Physics G: Nuclear and Particle Physics},
  number       = {2},
  pages        = {023001},
  title        = {PDF4LHC recommendations for LHC Run II},
  url          = {http://stacks.iop.org/0954-3899/43/i=2/a=023001},
  volume       = {43},
  year         = {2016},
}

@article{CT10,
  author       = {Gao, J. and Guzzi, M. and Huston, J. and Lai, H. L. and Li, Z. and Nadolsky, P. and Pumplin, J. and Stump, D. and Yuan, C. P.},
  doi          = {10.1103/PhysRevD.89.033009},
  eprint       = {1302.6246},
  eprintclass  = {hep-ph},
  eprinttype   = {arXiv},
  journaltitle = {Phys. Rev.},
  number       = {3},
  pages        = {033009},
  reportnumber = {SMU-HEP-12-23},
  slaccitation = {%%CITATION = ARXIV:1302.6246;%%},
  title        = {{CT10 next-to-next-to-leading order global analysis of QCD}},
  volume       = {D89},
  year         = {2014},
}

@article{NNPDF,
  author        = {The NNPDF Collaboration},
  collaboration = {NNPDF},
  doi           = {10.1007/JHEP04(2015)040},
  eprint        = {1410.8849},
  eprintclass   = {hep-ph},
  eprinttype    = {arXiv},
  journaltitle  = {JHEP},
  pages         = {040},
  reportnumber  = {EDINBURGH-2014-15,IFUM-1034-FT, CERN-PH-TH-2013-253, OUTP-14-11P, CAVENDISH-HEP-14-11},
  slaccitation  = {%%CITATION = ARXIV:1410.8849;%%},
  title         = {{Parton distributions for the LHC Run II}},
  volume        = {04},
  year          = {2015},
}

@article{MMHT,
  author       = {Harland-Lang, L. A. and Martin, A. D. and Motylinski, P. and Thorne, R. S.},
  doi          = {10.1140/epjc/s10052-015-3397-6},
  eprint       = {1412.3989},
  eprintclass  = {hep-ph},
  eprinttype   = {arXiv},
  journaltitle = {Eur. Phys. J.},
  number       = {5},
  pages        = {204},
  reportnumber = {LCTS-2014-47, IPPP-14-97, DCPT-14-194},
  slaccitation = {%%CITATION = ARXIV:1412.3989;%%},
  title        = {{Parton distributions in the LHC era: MMHT 2014 PDFs}},
  volume       = {C75},
  year         = {2015},
}

@article{LHAPDF,
  author       = {Buckley, A. and Ferrando, J. and Lloyd, S. and Nordstr√∂m, K. and Page, B. and R√ºfenacht, M. and Sch√∂nherr, M. and Watt, G.},
  doi          = {10.1140/epjc/s10052-015-3318-8},
  eprint       = {1412.7420},
  eprintclass  = {hep-ph},
  eprinttype   = {arXiv},
  journaltitle = {Eur. Phys. J.},
  pages        = {132},
  reportnumber = {GLAS-PPE-2014-05, MCNET-14-29, IPPP-14-111, DCPT-14-222},
  slaccitation = {%%CITATION = ARXIV:1412.7420;%%},
  title        = {{LHAPDF6: parton density access in the LHC precision era}},
  volume       = {C75},
  year         = {2015},
}

@article{Hessian,
  author       = {Pumplin, J. and Stump, D. and Brock, R. and Casey, D. and Huston, J. and Kalk, J. and Lai, H. L. and Tung, W. K.},
  doi          = {10.1103/PhysRevD.65.014013},
  eprint       = {hep-ph/0101032\},
  eprintclass  = {hep-ph},
  eprinttype   = {arXiv},
  journaltitle = {Phys. Rev.},
  pages        = {014013},
  reportnumber = {MSU-HEP-07101, CERN-TH-2000-360},
  slaccitation = {%%CITATION = HEP-PH/0101032;%%},
  title        = {{Uncertainties of predictions from parton distribution functions. 2. The Hessian method}},
  volume       = {D65},
  year         = {2001},
}

@inproceedings{Kaluza,
  author       = {Kaluza, T.},
  booktitle    = {{In *O'Raifeartaigh, L.: The dawning of gauge theory* 53-58}},
  reportnumber = {HUPD-8401},
  slaccitation = {%%CITATION = HUPD-8401;%%},
  title        = {{On The Unification Problem in Physics}},
  year         = {1984},
}

@article{Klein,
  adsnote      = {Provided by the SAO/NASA Astrophysics Data System},
  adsurl       = {http://adsabs.harvard.edu/abs/1926Natur.118..516K},
  author       = {{Klein}, O.},
  doi          = {10.1038/118516a0},
  journaltitle = {Nature},
  month        = {10},
  pages        = {516},
  title        = {{The Atomicity of Electricity as a Quantum Theory Law}},
  volume       = {118},
  year         = {1926},
}

@article{KKConsequences,
  author       = {Schwarz, A. J. and Doughty, N. A.},
  doi          = {10.1119/1.16935},
  journaltitle = {Am. J. Phys.},
  pages        = {150-157},
  slaccitation = {%%CITATION = AJPIA,60,150;%%},
  title        = {{Kaluza-Klein unification and the Fierz-Pauli weak field limit}},
  volume       = {60},
  year         = {1992},
}

@inproceedings{EFTReview,
  author       = {Pich, A.},
  booktitle    = {{Probing the standard model of particle interactions. Proceedings, Summer School in Theoretical Physics, NATO Advanced Study Institute, 68th session, Les Houches, France, July 28-September 5, 1997. Pt. 1, 2}},
  eprint       = {hep-ph/9806303},
  eprintclass  = {hep-ph},
  eprinttype   = {arXiv},
  pages        = {949-1049},
  reportnumber = {FTUV-98-46, IFIC-98-47},
  slaccitation = {%%CITATION = HEP-PH/9806303;%%},
  title        = {{Effective field theory: Course}},
  year         = {1998},
}

@article{LEDWeightFactor,
  author       = {Vacavant, L. and Hinchliffe, I.},
  journaltitle = {Journal of Physics G: Nuclear and Particle Physics},
  number       = {8},
  pages        = {1839},
  title        = {Signals of models with large extra dimensions in ATLAS},
  url          = {http://stacks.iop.org/0954-3899/27/i=8/a=313},
  volume       = {27},
  year         = {2001},
}

@article{ADDCosmology,
  author       = {Hall, L. J. and Tucker-Smith, D.},
  doi          = {10.1103/PhysRevD.60.085008},
  eprint       = {hep-ph/9904267},
  eprintclass  = {hep-ph},
  eprinttype   = {arXiv},
  journaltitle = {Phys. Rev.},
  pages        = {085008},
  reportnumber = {LBNL-43091, UCB-PTH-99-14, LBL-43091},
  slaccitation = {%%CITATION = HEP-PH/9904267;%%},
  title        = {{Cosmological constraints on theories with large extra dimensions}},
  volume       = {D60},
  year         = {1999},
}

@article{WaldApproximation,
  author       = {Wald, A.},
  issn         = {00029947},
  journaltitle = {Transactions of the American Mathematical Society},
  number       = {3},
  pages        = {426-482},
  publisher    = {American Mathematical Society},
  title        = {Tests of Statistical Hypotheses Concerning Several Parameters When the Number of Observations is Large},
  url          = {http://www.jstor.org/stable/1990256},
  volume       = {54},
  year         = {1943},
}

@inproceedings{CowanCLsPlots,
  author       = {Cowan, G.},
  booktitle    = {{Proceedings, 69th Scottish Universities Summer School in Physics : LHC Phenomenology (SUSSP69): St.Andrews, Scotland, August 19-September 1, 2012}},
  doi          = {10.1007/978-3-319-05362-2_9},
  eprint       = {1307.2487},
  eprintclass  = {hep-ex},
  eprinttype   = {arXiv},
  pages        = {321-355},
  slaccitation = {%%CITATION = ARXIV:1307.2487;%%},
  title        = {{Statistics for Searches at the LHC}},
  url          = {https://inspirehep.net/record/1242009/files/arXiv:1307.2487.pdf},
  year         = {2013},
}

@report{BTagging,
  collaboration = {The ATLAS Collaboration},
  institution   = {CERN},
  location      = {Geneva},
  month         = {Jun},
  number        = {ATL-PHYS-PUB-2016-012},
  reportnumber  = {ATL-PHYS-PUB-2016-012},
  title         = {{Optimisation of the ATLAS $b$-tagging performance for the 2016 LHC Run}},
  type          = {techreport},
  url           = {https://cds.cern.ch/record/2160731},
  year          = {2016},
}

@report{BTaggingIP,
  author       = {The ATLAS Collaboration},
  institution  = {CERN},
  location     = {Geneva},
  month        = {Jul},
  number       = {ATL-PHYS-PUB-2015-022},
  reportnumber = {ATL-PHYS-PUB-2015-022},
  title        = {{Expected performance of the ATLAS $b$-tagging algorithms in Run-2}},
  type         = {techreport},
  url          = {https://cds.cern.ch/record/2037697},
  year         = {2015},
}

@book{HelzenMartin,
  author    = {Halzen, F. and Martin, A.D.},
  lccn      = {83014649},
  publisher = {Wiley},
  title     = {Quarks and leptons: an introductory course in modern particle physics},
  url       = {https://books.google.se/books?id=zwDvAAAAMAAJ},
  year      = {1984},
}

@book{ThompsonBook,
  author    = {Thomson, J.J.},
  lccn      = {37000801},
  publisher = {G. Bell},
  title     = {Recollections and Reflections},
  url       = {https://books.google.se/books?id=Im4LAQAAIAAJ},
  year      = {1936},
}

@article{GlashowPaper,
  author       = {Glashow, S. L.},
  doi          = {10.1016/0029-5582(61)90469-2},
  journaltitle = {Nucl. Phys.},
  pages        = {579-588},
  slaccitation = {%%CITATION = NUPHA,22,579;%%},
  title        = {{Partial Symmetries of Weak Interactions}},
  volume       = {22},
  year         = {1961},
}

@article{WeinbergPaper,
  author       = {Weinberg, S.},
  doi          = {10.1103/PhysRevLett.19.1264},
  journaltitle = {Phys. Rev. Lett.},
  pages        = {1264-1266},
  slaccitation = {%%CITATION = PRLTA,19,1264;%%},
  title        = {{A Model of Leptons}},
  volume       = {19},
  year         = {1967},
}

@article{SalamPaper,
  author       = {Salam, A.},
  booktitle    = {{6th Brazilian Symposium on Theoretical Physics Rio de Janeiro, Brazil, January 7-18, 1980}},
  doi          = {10.1103/RevModPhys.52.525},
  journaltitle = {Rev. Mod. Phys.},
  note         = {[Science210,723(1980)]},
  pages        = {525-538},
  reportnumber = {IC-80-28},
  slaccitation = {%%CITATION = RMPHA,52,525;%%},
  title        = {{Gauge Unification of Fundamental Forces}},
  volume       = {52},
  year         = {1980},
}

@article{FermiTheory,
  author       = {Fermi, E.},
  doi          = {10.1007/BF01351864},
  journaltitle = {Z. Phys.},
  pages        = {161-177},
  reportnumber = {UCRL-TRANS-726},
  slaccitation = {%%CITATION = ZEPYA,88,161;%%},
  title        = {{An attempt of a theory of beta radiation. 1.}},
  volume       = {88},
  year         = {1934},
}

@article{FermiTheoryIta,
  author       = {Fermi, E.},
  journaltitle = {Ric. Sci.},
  pages        = {491-495},
  slaccitation = {%%CITATION = RISCA,4,491;%%},
  title        = {{Tentativo di una teoria dell'emissione dei raggi beta}},
  volume       = {4},
  year         = {1933},
}

@article{LeeYangParityViolation,
  author       = {Lee, T. D. and Yang, C. N.},
  doi          = {10.1103/PhysRev.104.254},
  issue        = {1},
  journaltitle = {Phys. Rev.},
  month        = {Oct},
  numpages     = {0},
  pages        = {254--258},
  publisher    = {American Physical Society},
  title        = {Question of Parity Conservation in Weak Interactions},
  url          = {https://link.aps.org/doi/10.1103/PhysRev.104.254},
  volume       = {104},
  year         = {1956},
}

@article{WuExperiment,
  author       = {Wu, C. S. and Ambler, E. and Hayward, R. W. and Hoppes, D. D. and Hudson, R. P.},
  doi          = {10.1103/PhysRev.105.1413},
  issue        = {4},
  journaltitle = {Phys. Rev.},
  month        = {Feb},
  numpages     = {0},
  pages        = {1413--1415},
  publisher    = {American Physical Society},
  title        = {Experimental Test of Parity Conservation in Beta Decay},
  url          = {https://link.aps.org/doi/10.1103/PhysRev.105.1413},
  volume       = {105},
  year         = {1957},
}

@article{VATheory,
  author       = {Feynman, R. P. and Gell-Mann, M.},
  doi          = {10.1103/PhysRev.109.193},
  issue        = {1},
  journaltitle = {Phys. Rev.},
  month        = {Jan},
  numpages     = {0},
  pages        = {193--198},
  publisher    = {American Physical Society},
  title        = {Theory of the Fermi Interaction},
  url          = {https://link.aps.org/doi/10.1103/PhysRev.109.193},
  volume       = {109},
  year         = {1958},
}

@article{Gargamelle,
  author       = {The Gargamelle Collaboration},
  doi          = {http://dx.doi.org/10.1016/0370-2693(73)90499-1},
  issn         = {0370-2693},
  journaltitle = {Physics Letters B},
  number       = {1},
  pages        = {138 - 140},
  title        = {Observation of neutrino-like interactions without muon or electron in the gargamelle neutrino experiment},
  url          = {http://www.sciencedirect.com/science/article/pii/0370269373904991},
  volume       = {46},
  year         = {1973},
}

@book{VAUnitaryViolationBook,
  author    = {Morii, T. and Lim, C.S. and Mukherjee, S.N.},
  isbn      = {9789812795601},
  publisher = {World Scientific},
  title     = {The Physics of the Standard Model and Beyond},
  url       = {https://books.google.se/books?id=f89yg8a1t-EC},
  year      = {2004},
}

@article{FeynmannGellManFermiInteraction,
  author       = {Feynman, R. P. and Gell-Mann, M.},
  doi          = {10.1103/PhysRev.109.193},
  issue        = {1},
  journaltitle = {Phys. Rev.},
  month        = {Jan},
  numpages     = {0},
  pages        = {193--198},
  publisher    = {American Physical Society},
  title        = {Theory of the Fermi Interaction},
  url          = {https://link.aps.org/doi/10.1103/PhysRev.109.193},
  volume       = {109},
  year         = {1958},
}

@article{SchwingerGaugeTheory,
  author       = {Schwinger, J.},
  doi          = {http://dx.doi.org/10.1016/0003-4916(57)90015-5},
  issn         = {0003-4916},
  journaltitle = {Annals of Physics},
  number       = {5},
  pages        = {407 - 434},
  title        = {A theory of the fundamental interactions},
  url          = {http://www.sciencedirect.com/science/article/pii/0003491657900155},
  volume       = {2},
  year         = {1957},
}

@article{GoldstoneTheorem,
  author       = {Goldstone, J. and Salam, A. and Weinberg, S.},
  doi          = {10.1103/PhysRev.127.965},
  issue        = {3},
  journaltitle = {Phys. Rev.},
  month        = {Aug},
  numpages     = {0},
  pages        = {965--970},
  publisher    = {American Physical Society},
  title        = {Broken Symmetries},
  url          = {https://link.aps.org/doi/10.1103/PhysRev.127.965},
  volume       = {127},
  year         = {1962},
}

@article{EnglertBroutPaper,
  author       = {Englert, F. and Brout, R.},
  doi          = {10.1103/PhysRevLett.13.321},
  issue        = {9},
  journaltitle = {Phys. Rev. Lett.},
  month        = {Aug},
  numpages     = {0},
  pages        = {321--323},
  publisher    = {American Physical Society},
  title        = {Broken Symmetry and the Mass of Gauge Vector Mesons},
  url          = {https://link.aps.org/doi/10.1103/PhysRevLett.13.321},
  volume       = {13},
  year         = {1964},
}

@article{HiggsPaper,
  author       = {Higgs, P. W.},
  doi          = {http://dx.doi.org/10.1016/0031-9163(64)91136-9},
  issn         = {0031-9163},
  journaltitle = {Physics Letters},
  number       = {2},
  pages        = {132 - 133},
  title        = {Broken symmetries, massless particles and gauge fields},
  url          = {http://www.sciencedirect.com/science/article/pii/0031916364911369},
  volume       = {12},
  year         = {1964},
}

@article{GuralnikPaper,
  author       = {Guralnik, G. S. and Hagen, C. R. and Kibble, T. W. B.},
  doi          = {10.1103/PhysRevLett.13.585},
  issue        = {20},
  journaltitle = {Phys. Rev. Lett.},
  month        = {Nov},
  numpages     = {0},
  pages        = {585--587},
  publisher    = {American Physical Society},
  title        = {Global Conservation Laws and Massless Particles},
  url          = {https://link.aps.org/doi/10.1103/PhysRevLett.13.585},
  volume       = {13},
  year         = {1964},
}

@article{ATLASHiggs,
  author       = {The ATLAS Collaboration},
  doi          = {http://dx.doi.org/10.1016/j.physletb.2012.08.020},
  issn         = {0370-2693},
  journaltitle = {Physics Letters B},
  number       = {1},
  pages        = {1 - 29},
  title        = {Observation of a new particle in the search for the Standard Model Higgs boson with the ATLAS detector at the LHC},
  url          = {http://www.sciencedirect.com/science/article/pii/S037026931200857X},
  volume       = {716},
  year         = {2012},
}

@article{CMSHiggs,
  author        = {The CMS Collaboration},
  collaboration = {CMS},
  doi           = {10.1016/j.physletb.2012.08.021},
  eprint        = {1207.7235},
  eprintclass   = {hep-ex},
  eprinttype    = {arXiv},
  journaltitle  = {Phys. Lett.},
  pages         = {30-61},
  reportnumber  = {CMS-HIG-12-028, CERN-PH-EP-2012-220},
  slaccitation  = {%%CITATION = ARXIV:1207.7235;%%},
  title         = {{Observation of a new boson at a mass of 125 GeV with the CMS experiment at the LHC}},
  volume        = {B716},
  year          = {2012},
}

@report{MHTAlgorithm,
  author       = {Backes, M.},
  institution  = {CERN},
  location     = {Geneva},
  month        = {Oct},
  number       = {ATL-DAQ-PROC-2015-041},
  reportnumber = {ATL-DAQ-PROC-2015-041},
  title        = {{The ATLAS Trigger System : Ready for Run-2}},
  type         = {techreport},
  url          = {https://cds.cern.ch/record/2058618},
  year         = {2015},
}

@report{LCWCalibration,
  author       = {Barillari, T. and Bergeaas Kuutmann, E. and Carli, T. and Erdmann, J. and Giovannini, P. and Grahn, K. J. and Issever, C. and Jantsch, A. and Kiryunin, A. and Lohwasser, K. and Maslennikov, A. and Menke, S. and Oberlack, H. and Pospelov, G. and Rauter, E. and Schacht, P. and Span√≥, F. and Speckmayer, P. and Stavina, P. and Str√≠zenec, P.},
  institution  = {CERN},
  location     = {Geneva},
  month        = {Jun},
  note         = {Due to a report-number conflict with another document, the report-number ATL-LARG-PUB-2009-001-2 has been assigned.},
  number       = {ATL-LARG-PUB-2009-001-2. ATL-COM-LARG-2008-006. ATL-LARG-PUB-2009-001},
  reportnumber = {ATL-LARG-PUB-2009-001-2},
  title        = {{Local Hadronic Calibration}},
  type         = {techreport},
  url          = {https://cds.cern.ch/record/1112035},
  year         = {2008},
}

@article{JESIntro,
  author        = {The ATLAS Collaboration},
  collaboration = {ATLAS},
  reportnumber  = {ATLAS-CONF-2010-084},
  slaccitation  = {%%CITATION = ATLAS-CONF-2010-084;%%},
  title         = {{Measurements of multijet production cross sections in proton-proton collisions at 7 TeV center-of-mass energy with the ATLAS Detector}},
  year          = {2010},
}

@article{JESEMCalibration,
  author        = {The ATLAS Collaboration},
  collaboration = {ATLAS},
  reportnumber  = {ATLAS-CONF-2010-055},
  slaccitation  = {%%CITATION = ATLAS-CONF-2010-055;%%},
  title         = {{In-situ pseudo-rapidity inter-calibration to evaluate jet energy scale uncertainty and calorimeter performance in the forward region}},
  year          = {2010},
}

@report{HistFactory,
  author        = {Cranmer, K. and Lewis, G. and Moneta, L. and Shibata, A. and Verkerke, W.},
  collaboration = {ROOT Collaboration},
  institution   = {New York U.},
  location      = {New York},
  month         = {Jan},
  number        = {CERN-OPEN-2012-016},
  reportnumber  = {CERN-OPEN-2012-016},
  title         = {{HistFactory: A tool for creating statistical models for use with RooFit and RooStats}},
  type          = {techreport},
  url           = {https://cds.cern.ch/record/1456844},
  year          = {2012},
}

@article{HistFitter,
  author       = {Besjes, G. J. and Baak, M. and C√¥t√©, D. and Koutsman, A. and Lorenz, J. M. and Short, D.},
  journaltitle = {Journal of Physics: Conference Series},
  number       = {7},
  pages        = {072004},
  title        = {HistFitter: a flexible framework for statistical data analysis},
  url          = {http://stacks.iop.org/1742-6596/664/i=7/a=072004},
  volume       = {664},
  year         = {2015},
}

@article{VplusJetsCorrections,
  author       = {Lindert, J. M. and others},
  eprint       = {1705.04664},
  eprintclass  = {hep-ph},
  eprinttype   = {arXiv},
  reportnumber = {CERN-TH-2017-102, CERN-LPCC-2017-02, IPPP-17-38, FERMILAB-PUB-17-152-T, ZU--TH-12-17},
  slaccitation = {%%CITATION =ARXIV:1705.04664;%%},
  title        = {{Precise predictions for V+jets dark matter backgrounds}},
  year         = {2017},
}

@article{SudakovLogs,
  author       = {Sudakov, V. V.},
  journaltitle = {Sov. Phys. JETP},
  note         = {[Zh. Eksp. Teor. Fiz.30,87(1956)]},
  pages        = {65-71},
  slaccitation = {%%CITATION = SPHJA,3,65;%%},
  title        = {{Vertex parts at very high-energies in quantum electrodynamics}},
  volume       = {3},
  year         = {1956},
}

@thesis{SudakovApproximation,
  author      = {Granata, F.},
  institution = {Universit√† degli Studi di Milano-Bicocca},
  title       = {Electroweak and strong next-to-leading-order a corrections to $HV$ and $HVj$ production a at hadron colliders},
  type        = {phdthesis},
  url         = {https://boa.unimib.it/bitstream/10281/158128/2/phd_unimib_708650.pdf},
  year        = {2017},
}

@article{SHERPAGenerator,
  author       = {Gleisberg, T. and Hoeche, Stefan. and Krauss, F. and Schonherr, M. and Schumann, S. and Siegert, F. and Winter, J.},
  doi          = {10.1088/1126-6708/2009/02/007},
  eprint       = {0811.4622},
  eprintclass  = {hep-ph},
  eprinttype   = {arXiv},
  journaltitle = {JHEP},
  pages        = {007},
  reportnumber = {FERMILAB-PUB-08-477-T, SLAC-PUB-13420, ZU-TH-17-08, DCPT-08-138, IPPP-08-69, EDINBURGH-2008-30, MCNET-08-14},
  slaccitation = {%%CITATION = ARXIV:0811.4622;%%},
  title        = {{Event generation with SHERPA 1.1}},
  volume       = {02},
  year         = {2009},
}

@article{CT14PDF,
  author       = {Dulat, S. and Hou, T.-J. and Gao, J. and Guzzi, M. and Huston, J. and Nadolsky, P. and Pumplin, J. and Schmidt, C. and Stump, D. and Yuan, C. P.},
  doi          = {10.1103/PhysRevD.93.033006},
  eprint       = {1506.07443},
  eprintclass  = {hep-ph},
  eprinttype   = {arXiv},
  journaltitle = {Phys. Rev.},
  number       = {3},
  pages        = {033006},
  slaccitation = {%%CITATION = ARXIV:1506.07443;%%},
  title        = {{New parton distribution functions from a global analysis of quantum chromodynamics}},
  volume       = {D93},
  year         = {2016},
}

@article{POWHEG,
  author       = {Alioli, S. and Nason, P. and Oleari, C. and Re, E.},
  day          = {09},
  doi          = {10.1007/JHEP06(2010)043},
  issn         = {1029-8479},
  journaltitle = {Journal of High Energy Physics},
  month        = {Jun},
  number       = {6},
  pages        = {43},
  title        = {A general framework for implementing NLO calculations in shower Monte Carlo programs: the POWHEG BOX},
  url          = {https://doi.org/10.1007/JHEP06(2010)043},
  volume       = {2010},
  year         = {2010},
}

@report{VplusJetsModeling,
  author       = {Anders, J. K. and D'Onofrio, M.},
  institution  = {CERN},
  location     = {Geneva},
  month        = {Jan},
  number       = {ATL-COM-PHYS-2016-044},
  reportnumber = {ATL-COM-PHYS-2016-044},
  title        = {{V+Jets theoretical uncertainties estimation via a parameterisation method}},
  type         = {techreport},
  url          = {https://cds.cern.ch/record/2125718},
  year         = {2016},
}

@inproceedings{Matching,
  author       = {Hoeche, S. and Krauss, F. and Lavesson, N. and Lonnblad, L. and Mangano, M. and Schalicke, A. and Schumann, S.},
  booktitle    = {{HERA and the LHC: A Workshop on the implications of HERA for LHC physics: Proceedings Part A}},
  doi          = {10.5170/CERN-2005-014.288},
  eprint       = {hep-ph/0602031},
  eprintclass  = {hep-ph},
  eprinttype   = {arXiv},
  pages        = {288-289},
  slaccitation = {%%CITATION = HEP-PH/0602031;%%},
  title        = {{Matching parton showers and matrix elements}},
  url          = {https://inspirehep.net/record/709818/files/arXiv:hep-ph_0602031.pdf},
  year         = {2005},
}

@article{SMTests,
  author       = {Grunewald, M. W.},
  doi          = {10.1007/978-3-540-74203-6_6},
  eprint       = {0710.2838},
  eprintclass  = {hep-ex},
  eprinttype   = {arXiv},
  reportnumber = {UCD-PHYC-071001},
  slaccitation = {%%CITATION = ARXIV:0710.2838;%%},
  title        = {{Experimental precision tests for the electroweak standard model}},
  year         = {2008},
}

@article{TileCalPerformanceBertoli,
  author        = {Bertoli, G.},
  booktitle     = {{Proceedings, 27th International Symposium on Lepton Photon Interactions at High Energy (LP15): Ljubljana, Slovenia, August 17-22, 2015}},
  collaboration = {ATLAS},
  journaltitle  = {PoS},
  pages         = {070},
  slaccitation  = {%%CITATION = POSCI,LeptonPhoton2015,070;%%},
  title         = {{Performance of the ATLAS Tile Calorimeter}},
  volume        = {LeptonPhoton2015},
  year          = {2016},
}

@article{CERNROOT,
  author       = {Brun, R. and Rademakers, F. and Panacek, S.},
  booktitle    = {{2000 CERN School of Computing, Marathon, Greece, 17-30 Sep: Proceedings}},
  journaltitle = {Conf. Proc.},
  pages        = {11-42},
  slaccitation = {%%CITATION = CONFP,C000917,11;%%},
  title        = {{ROOT, an object oriented data analysis framework}},
  volume       = {C000917},
  year         = {2000},
}

@article{TMVA,
  author       = {Hoecker, A. and Speckmayer, P. and Stelzer, J. and Therhaag, J. and von Toerne, E. and Voss, H.},
  eprint       = {physics/0703039},
  eprinttype   = {arXiv},
  journaltitle = {PoS},
  pages        = {040},
  slaccitation = {%%CITATION = PHYSICS/0703039;%%},
  title        = {{TMVA: Toolkit for Multivariate Data Analysis}},
  volume       = {ACAT},
  year         = {2007},
}

@report{MonoJetPaper2016,
  collaboration = {The ATLAS Collaboration},
  institution   = {CERN},
  location      = {Geneva},
  month         = {Jul},
  number        = {ATLAS-CONF-2017-060},
  reportnumber  = {ATLAS-CONF-2017-060},
  title         = {{Search for dark matter and other new phenomena in events with an energetic jet and large missing transverse momentum using the ATLAS detector}},
  type          = {techreport},
  url           = {http://cds.cern.ch/record/2273876},
  year          = {2017},
}

@unpublished{PauliNeutrino,
  author = {Pauli, W.},
  note   = {Typed copy},
  title  = {{Pauli letter collection: letter to Lise Meitner}},
  url    = {https://cds.cern.ch/record/83282},
}

@article{PowellTauMeson,
  adsnote      = {Provided by the SAO/NASA Astrophysics Data System},
  adsurl       = {http://adsabs.harvard.edu/abs/1939Natur.144..115P},
  author       = {{Powell}, C.~F. and {Fertel}, G.~E.~F.},
  doi          = {10.1038/144115a0},
  journaltitle = {Nature},
  month        = {07},
  pages        = {115-116},
  title        = {{Energy of High-Velocity Neutrons by the Photographic Method}},
  volume       = {144},
  year         = {1939},
}

@book{SakuraiQM,
  author    = {Sakurai, J.J. and Napolitano, J.J.},
  isbn      = {9780321972071},
  publisher = {Pearson Education},
  title     = {Modern Quantum Mechanics},
  url       = {https://books.google.it/books?id=FqiSAgAAQBAJ},
  year      = {2014},
}

@online{SMPubPlots,
  title = {Summary plots from the ATLAS Standard Model physics group},
  url   = {"https://atlas.web.cern.ch/Atlas/GROUPS/PHYSICS/CombinedSummaryPlots/SM/"},
}

@online{HiggsPubPlots,
  title = {Summary plots from the ATLAS Higgs physics group},
  url   = {"https://atlas.web.cern.ch/Atlas/GROUPS/PHYSICS/CombinedSummaryPlots/HIGGS/"},
}

@online{SUSYSummaryPlots,
  title = {Summary plots from the ATLAS Supersymmetry physics group},
  url   = {"https://atlas.web.cern.ch/Atlas/GROUPS/PHYSICS/CombinedSummaryPlots/SUSY/"},
}

@article{InnerDetectorPlotIBL,
  author       = {Potamianos, K.},
  booktitle    = {{Proceedings, 2015 European Physical Society Conference on High Energy Physics (EPS-HEP 2015): Vienna, Austria, July 22-29, 2015}},
  eprint       = {1608.07850},
  eprintclass  = {physics.ins-det},
  eprinttype   = {arXiv},
  journaltitle = {PoS},
  pages        = {261},
  reportnumber = {ATL-PHYS-PROC-2016-104},
  slaccitation = {%%CITATION = ARXIV:1608.07850;%%},
  title        = {{The upgraded Pixel detector and the commissioning of the Inner Detector tracking of the ATLAS experiment for Run-2 at the Large Hadron Collider}},
  volume       = {EPS-HEP2015},
  year         = {2015},
}

@online{LumiSummaryPlots,
  title = {Luminosity summary plots},
  url   = {"https://twiki.cern.ch/twiki/bin/view/AtlasPublic/LuminosityPublicResultsRun2"},
}

@article{BTagCalibration,
  author        = {The ATLAS collaboration},
  collaboration = {ATLAS},
  reportnumber  = {ATLAS-CONF-2014-004},
  slaccitation  = {%%CITATION = ATLAS-CONF-2014-004;%%},
  title         = {{Calibration of $b$-tagging using dileptonic top pair events in a combinatorial likelihood approach with the ATLAS experiment}},
  year          = {2014},
}

@article{MultijetSUSY,
  author        = {The ATLAS collaboration},
  collaboration = {ATLAS},
  reportnumber  = {ATLAS-CONF-2017-022},
  slaccitation  = {%%CITATION = ATLAS-CONF-2017-022;%%},
  title         = {{Search for squarks and gluinos in final states with jets and missing transverse momentum using 36 fb$^{-1}$ of $\sqrt{s} = 13$ TeV pp collision data with the ATLAS detector}},
  year          = {2017},
}

@report{METResolution,
  author       = {The ATLAS Collaboration},
  institution  = {CERN},
  location     = {Geneva},
  month        = {Jul},
  number       = {ATL-PHYS-PUB-2015-027},
  reportnumber = {ATL-PHYS-PUB-2015-027},
  title        = {{Performance of missing transverse momentum reconstruction for the ATLAS detector in the first proton-proton collisions at at $\sqrt s$= 13 TeV}},
  type         = {techreport},
  url          = {http://cds.cern.ch/record/2037904},
  year         = {2015},
}

@report{MCTuningRecommendations2015,
  author       = {The ATLAS Collaboration},
  institution  = {CERN},
  location     = {Geneva},
  month        = {Nov},
  number       = {ATL-PHYS-PUB-2014-021},
  reportnumber = {ATL-PHYS-PUB-2014-021},
  title        = {{ATLAS Run 1 Pythia8 tunes}},
  type         = {techreport},
  url          = {https://cds.cern.ch/record/1966419},
  year         = {2014},
}

@article{PYTHIA8,
  author       = {Sj√∂stra, T. and Ask, S. and Christiansen, J. R. and Corke, R. and Desai, N. and Ilten, P. and Mrenna, S. and Prestel, S. and Rasmussen, C. O. and Skands, P. Z.},
  doi          = {https://doi.org/10.1016/j.cpc.2015.01.024},
  issn         = {0010-4655},
  journaltitle = {Computer Physics Communications},
  number       = {Supplement C},
  pages        = {159 - 177},
  title        = {An introduction to PYTHIA 8.2},
  url          = {http://www.sciencedirect.com/science/article/pii/S0010465515000442},
  volume       = {191},
  year         = {2015},
}

@article{FactorizationScale,
  author       = {Collins, J.},
  journaltitle = {Journal of Physics G: Nuclear and Particle Physics},
  number       = {10},
  pages        = {1547},
  title        = {Choosing the renormalization/factorization scale (QCD)},
  url          = {http://stacks.iop.org/0954-3899/17/i=10/a=009},
  volume       = {17},
  year         = {1991},
}

@article{PerturbativeQCDHandbook,
  author        = {The CTEQ Collaboration},
  collaboration = {CTEQ},
  doi           = {10.1103/RevModPhys.67.157},
  journaltitle  = {Rev. Mod. Phys.},
  pages         = {157-248},
  reportnumber  = {FERMILAB-PUB-93-094, ANL-HEP-PR-95-29},
  slaccitation  = {%%CITATION = RMPHA,67,157;%%},
  title         = {{Handbook of perturbative QCD: Version 1.0}},
  volume        = {67},
  year          = {1995},
}

@article{MADGRAPH,
  author       = {Alwall, J. and Frederix, R. and Frixione, S. and Hirschi, V. and Maltoni, F. and Mattelaer, O. and Shao, H. -S. and Stelzer, T. and Torrielli, P. and Zaro, M.},
  doi          = {10.1007/JHEP07(2014)079},
  eprint       = {1405.0301},
  eprintclass  = {hep-ph},
  eprinttype   = {arXiv},
  journaltitle = {JHEP},
  pages        = {079},
  reportnumber = {CERN-PH-TH-2014-064, CP3-14-18, LPN14-066, MCNET-14-09, ZU-TH-14-14},
  slaccitation = {%%CITATION = ARXIV:1405.0301;%%},
  title        = {{The automated computation of tree-level and next-to-leading order differential cross sections, and their matching to parton shower simulations}},
  volume       = {07},
  year         = {2014},
}

@article{SHERPA,
  author       = {Gleisberg, T. and Hoeche, Stefan. and Krauss, F. and Schonherr, M. and Schumann, S. and Siegert, F. and Winter, J.},
  doi          = {10.1088/1126-6708/2009/02/007},
  eprint       = {0811.4622},
  eprintclass  = {hep-ph},
  eprinttype   = {arXiv},
  journaltitle = {JHEP},
  pages        = {007},
  reportnumber = {FERMILAB-PUB-08-477-T, SLAC-PUB-13420, ZU-TH-17-08, DCPT-08-138, IPPP-08-69, EDINBURGH-2008-30, MCNET-08-14},
  slaccitation = {%%CITATION = ARXIV:0811.4622;%%},
  title        = {{Event generation with SHERPA 1.1}},
  volume       = {02},
  year         = {2009},
}

@article{SquarkGluinoTeam,
  author       = {Borschensky, C. and Kr√§mer, M. and Kulesza, A. and Mangano, M. and Padhi, S. and Plehn, T. and Portell, X.},
  doi          = {10.1140/epjc/s10052-014-3174-y},
  eprint       = {1407.5066},
  eprintclass  = {hep-ph},
  eprinttype   = {arXiv},
  journaltitle = {Eur. Phys. J.},
  number       = {12},
  pages        = {3174},
  reportnumber = {MS-TP-14-25, CERN-PH-TH-2014-137, TTK-14-13},
  slaccitation = {%%CITATION = ARXIV:1407.5066;%%},
  title        = {{Squark and gluino production cross sections in pp collisions at $\sqrt{s}$ = 13, 14, 33 and 100 TeV}},
  volume       = {C74},
  year         = {2014},
}

@article{SUSYIntroGeneral,
  author       = {Bilal, A.},
  eprint       = {hep-th/0101055},
  eprintclass  = {hep-th},
  eprinttype   = {arXiv},
  reportnumber = {NEIP-01-001},
  slaccitation = {%%CITATION = HEP-TH/0101055;%%},
  title        = {{Introduction to supersymmetry}},
  year         = {2001},
}

@thesis{MyLicentiate,
  author      = {Bertoli, G.},
  institution = {Stockholm University},
  month       = {Sep},
  note        = {Presented 29 Sep 2016},
  title       = {Search for Supersymmetry in Monojet Final States with the ATLAS Experiment},
  type        = {licentiate},
  year        = {2016},
}

@thesis{OllePhDThesis,
  author       = {Lundberg, O. and Clement, C.},
  month        = {May},
  note         = {Presented 14 Jun 2016},
  reportnumber = {CERN-THESIS-2016-062},
  title        = {{Searches for Dark Matter and Large Extra Dimensions in Monojet Final States with the ATLAS Experiment}},
  url          = {https://cds.cern.ch/record/2194414},
  year         = {2016},
}

@article{NNPDF23LO,
  author       = {The NNPDF Collaboration},
  doi          = {10.1016/j.nuclphysb.2012.10.003},
  eprint       = {1207.1303},
  eprintclass  = {hep-ph},
  eprinttype   = {arXiv},
  journaltitle = {Nucl. Phys.},
  pages        = {244-289},
  reportnumber = {EDINBURGH-2012-08, IFUM-FT-997, FR-PHENO-2012-014, RWTH-TTK-12-25, CERN-PH-TH-2012-037, SFB-CPP-12-47},
  slaccitation = {%%CITATION = ARXIV:1207.1303;%%},
  title        = {{Parton distributions with LHC data}},
  volume       = {B867},
  year         = {2013},
}

@report{PYTHIATune,
  author       = {The ATLAS Collaboration},
  institution  = {CERN},
  location     = {Geneva},
  month        = {Nov},
  number       = {ATL-PHYS-PUB-2014-021},
  reportnumber = {ATL-PHYS-PUB-2014-021},
  title        = {{ATLAS Run 1 Pythia8 tunes}},
  type         = {techreport},
  url          = {https://cds.cern.ch/record/1966419},
  year         = {2014},
}

@report{NNLOXs,
  author        = {The ATLAS Collaboration},
  collaboration = {ATLAS Collaboration},
  institution   = {CERN},
  location      = {Geneva},
  month         = {May},
  number        = {ATL-PHYS-PUB-2017-006},
  reportnumber  = {ATL-PHYS-PUB-2017-006},
  title         = {{ATLAS simulation of boson plus jets processes in Run 2}},
  type          = {techreport},
  url           = {https://cds.cern.ch/record/2261937},
  year          = {2017},
}

@article{MuonCalib,
  author        = {The ATLAS Collaboration},
  collaboration = {ATLAS},
  doi           = {10.1140/epjc/s10052-016-4120-y},
  eprint        = {1603.05598},
  eprintclass   = {hep-ex},
  eprinttype    = {arXiv},
  journaltitle  = {Eur. Phys. J.},
  number        = {5},
  pages         = {292},
  reportnumber  = {CERN-EP-2016-033},
  slaccitation  = {%%CITATION = ARXIV:1603.05598;%%},
  title         = {{Muon reconstruction performance of the ATLAS detector in proton‚Äìproton collision data at $\sqrt{s}$ =13 TeV}},
  volume        = {C76},
  year          = {2016},
}

@article{ALPGEN,
  author       = {Mangano, M. L. and Moretti, M. and Piccinini, F. and Pittau, R. and Polosa, A. D.},
  doi          = {10.1088/1126-6708/2003/07/001},
  eprint       = {hep-ph/0206293},
  eprintclass  = {hep-ph},
  eprinttype   = {arXiv},
  journaltitle = {JHEP},
  pages        = {001},
  reportnumber = {CERN-TH-2002-129,FTN-T-2002-06},
  slaccitation = {%%CITATION = HEP-PH/0206293;%%},
  title        = {{ALPGEN, a generator for hard multiparton processes in hadronic collisions}},
  volume       = {07},
  year         = {2003},
}
